<?xml version="1.0" encoding="UTF-8"?>
<collection><record><leader>02880nam a22003498i 4500</leader><controlfield tag="001">9915423733707426</controlfield><controlfield tag="008">221003s2022    flu           001 0 eng  </controlfield><datafield tag="010" ind1=" " ind2=" "><subfield code="a">  2022012865</subfield></datafield><datafield tag="020" ind1=" " ind2=" "><subfield code="a">9781032223575</subfield><subfield code="q">(hardback)</subfield></datafield><datafield tag="020" ind1=" " ind2=" "><subfield code="a">9781032318653</subfield><subfield code="q">(paperback)</subfield></datafield><datafield tag="020" ind1=" " ind2=" "><subfield code="z">9781003311782</subfield><subfield code="q">(ebook)</subfield></datafield><datafield tag="040" ind1=" " ind2=" "><subfield code="a">DNAL/DLC</subfield><subfield code="b">eng</subfield><subfield code="e">rda</subfield><subfield code="c">DLC</subfield></datafield><datafield tag="042" ind1=" " ind2=" "><subfield code="a">pcc</subfield></datafield><datafield tag="245" ind1="0" ind2="0"><subfield code="a">Artificial intelligence and smart agriculture applications /</subfield><subfield code="c">Utku Kose, V.B. Surya Prasath, M. Rubaiyat Hossain Mondal, Prajoy Podder, Subrato Bharati.</subfield></datafield><datafield tag="250" ind1=" " ind2=" "><subfield code="a">1.</subfield></datafield><datafield tag="263" ind1=" " ind2=" "><subfield code="a">2209</subfield></datafield><datafield tag="264" ind1=" " ind2="1"><subfield code="a">Boca Raton :</subfield><subfield code="b">CRC Press,</subfield><subfield code="c">2022.</subfield></datafield><datafield tag="300" ind1=" " ind2=" "><subfield code="a">pages cm</subfield></datafield><datafield tag="336" ind1=" " ind2=" "><subfield code="a">text</subfield><subfield code="b">txt</subfield><subfield code="2">rdacontent</subfield></datafield><datafield tag="337" ind1=" " ind2=" "><subfield code="a">unmediated</subfield><subfield code="b">n</subfield><subfield code="2">rdamedia</subfield></datafield><datafield tag="338" ind1=" " ind2=" "><subfield code="a">volume</subfield><subfield code="b">nc</subfield><subfield code="2">rdacarrier</subfield></datafield><datafield tag="500" ind1=" " ind2=" "><subfield code="a">Includes index.</subfield></datafield><datafield tag="500" ind1=" " ind2=" "><subfield code="a">This is a test.</subfield></datafield><datafield tag="520" ind1=" " ind2=" "><subfield code="a">"As a result of the advances in Artificial Intelligence (AI), many aspects of daily life have been transformed by smart digital technology. Advanced intelligent algorithms can provide powerful solutions to real world problems. Smart applications have become commonplace. All areas of life are being changed by smart tools developed to deal with complex issues challenging both the Earth and humanity. Artificial Intelligence and Smart Agriculture Applications presents the latest smart agriculture applications developed across the globe. It covers a broad array of solutions using data science and AI to attack problems facing agriculture worldwide. Highlights of the book include: Application of drones and sensors in advanced farming A cloud-computing model for implementing smart agriculture Conversational AI for farmer's advisory communications Intelligent fuzzy logic to predict global warming's effect on agriculture Machine learning algorithms for mapping soil macronutrient elements variability A smart IoT framework for soil fertility enhancement AI applications in pest management A model using Python for predicting rainfall The book examines not only present solutions but also potential future outcomes. It looks at the role of AI-based algorithms and the almost infinite combinations of variables for agricultural applications. Researchers, public and private sector representatives, agriculture scientists, and students can use this book to develop sustainable and solutions for smart agriculture. This book's findings are especially important as the planet is facing unprecedented environmental challenges from over-farming and climate change due to global warming"--</subfield><subfield code="c">Provided by publisher.</subfield></datafield><datafield tag="700" ind1="1" ind2=" "><subfield code="a">Kose, Utku,</subfield><subfield code="e">editor.</subfield></datafield><datafield tag="700" ind1="1" ind2=" "><subfield code="a">Prasath, V.B. Surya,</subfield><subfield code="e">editor.</subfield></datafield><datafield tag="700" ind1="1" ind2=" "><subfield code="a">Hossain Mondal, M. Rubaiyat,</subfield><subfield code="e">editor.</subfield></datafield><datafield tag="700" ind1="1" ind2=" "><subfield code="a">Podder, Prajoy,</subfield><subfield code="e">editor.</subfield></datafield><datafield tag="700" ind1="1" ind2=" "><subfield code="a">Bharati, Subrato,</subfield><subfield code="e">editor.</subfield></datafield><datafield tag="906" ind1=" " ind2=" "><subfield code="a">0</subfield><subfield code="b">ibc</subfield><subfield code="c">orignew</subfield><subfield code="d">1</subfield><subfield code="e">ecip</subfield><subfield code="f">20</subfield><subfield code="g">y-gencatlg</subfield></datafield><datafield tag="925" ind1="0" ind2=" "><subfield code="a">acquire</subfield><subfield code="b">1 shelf copy</subfield><subfield code="x">policy default</subfield></datafield><datafield tag="955" ind1=" " ind2=" "><subfield code="b">DNAL 2022-10-03</subfield></datafield><datafield tag="985" ind1=" " ind2=" "><subfield code="a">NALCIP</subfield><subfield code="d">2022-10-03</subfield></datafield></record></collection>